@article{example,
  title={title-sample},
  author={Author A},
  url = {https://google.de},
  note = {Zugriffsdatum 01.01.2024}
}
